<record><leader>00000cas a2200000 a 4500</leader><controlfield tag="001">31299471</controlfield><controlfield tag="008">941017d197u1976ilucr ne      0    0eng c</controlfield><datafield ind1=" " ind2=" " tag="010"><subfield code="a">sn 94060596 </subfield></datafield><datafield ind1=" " ind2=" " tag="040"><subfield code="a">NVF</subfield><subfield code="b">eng</subfield><subfield code="c">NVF</subfield><subfield code="d">NVF</subfield><subfield code="d">OCLCF</subfield><subfield code="d">OCLCO</subfield></datafield><datafield ind1=" " ind2=" " tag="042"><subfield code="a">pcc</subfield></datafield><datafield ind1=" " ind2=" " tag="043"><subfield code="a">n-us-il</subfield></datafield><datafield ind1="0" ind2=" " tag="130"><subfield code="a">Suburban life/graphic herald (La Grange, Ill. : Clarendon Hills ed.)</subfield></datafield><datafield ind1="1" ind2="0" tag="245"><subfield code="a">Suburban life/graphic herald.</subfield></datafield><datafield ind1="3" ind2="0" tag="246"><subfield code="a">Suburban life graphic herald</subfield></datafield><datafield ind1=" " ind2=" " tag="250"><subfield code="a">[Clarendon Hills ed.]</subfield></datafield><datafield ind1=" " ind2=" " tag="260"><subfield code="a">La Grange, Ill. :</subfield><subfield code="b">Life Print. and Pub. Co.,</subfield><subfield code="c">[197-?]-1976.</subfield></datafield><datafield ind1=" " ind2=" " tag="300"><subfield code="a">v.</subfield></datafield><datafield ind1=" " ind2=" " tag="310"><subfield code="a">Semiweekly</subfield></datafield><datafield ind1="1" ind2=" " tag="362"><subfield code="a">Ceased in 1976.</subfield></datafield><datafield ind1=" " ind2=" " tag="500"><subfield code="a">Titles serves: Clarendon Hills, Darien, Oak Brook, Hinsdale, Willowbrook, and Burr Ridge.</subfield></datafield><datafield ind1=" " ind2=" " tag="588"><subfield code="a">Description based on: 26th year, no. 99 (Nov. 13, 1975).</subfield></datafield><datafield ind1=" " ind2=" " tag="588"><subfield code="a">Latest issue consulted: Feb. 14, 1976.</subfield></datafield><datafield ind1=" " ind2="0" tag="651"><subfield code="a">Clarendon Hills (Ill.)</subfield><subfield code="v">Newspapers.</subfield></datafield><datafield ind1=" " ind2="0" tag="651"><subfield code="a">Darien (Ill.)</subfield><subfield code="v">Newspapers.</subfield></datafield><datafield ind1=" " ind2="0" tag="651"><subfield code="a">Oak Brook (Ill.)</subfield><subfield code="v">Newspapers.</subfield></datafield><datafield ind1=" " ind2="0" tag="651"><subfield code="a">Hinsdale (Ill.)</subfield><subfield code="v">Newspapers.</subfield></datafield><datafield ind1=" " ind2="0" tag="651"><subfield code="a">Willowbrook (DuPage County, Ill.)</subfield><subfield code="v">Newspapers.</subfield></datafield><datafield ind1=" " ind2="0" tag="651"><subfield code="a">Burr Ridge (Ill.)</subfield><subfield code="v">Newspapers.</subfield></datafield><datafield ind1=" " ind2="7" tag="655"><subfield code="a">Newspapers.</subfield><subfield code="2">fast</subfield><subfield code="0">(OCoLC)fst01423814</subfield></datafield><datafield ind1=" " ind2="7" tag="651"><subfield code="a">Illinois</subfield><subfield code="z">Burr Ridge.</subfield><subfield code="2">fast</subfield><subfield code="0">(OCoLC)fst01232870</subfield></datafield><datafield ind1=" " ind2="7" tag="651"><subfield code="a">Illinois</subfield><subfield code="z">Clarendon Hills.</subfield><subfield code="2">fast</subfield><subfield code="0">(OCoLC)fst01232868</subfield></datafield><datafield ind1=" " ind2="7" tag="651"><subfield code="a">Illinois</subfield><subfield code="z">Darien.</subfield><subfield code="2">fast</subfield><subfield code="0">(OCoLC)fst01238074</subfield></datafield><datafield ind1=" " ind2="7" tag="651"><subfield code="a">Illinois</subfield><subfield code="z">Hinsdale.</subfield><subfield code="2">fast</subfield><subfield code="0">(OCoLC)fst01238109</subfield></datafield><datafield ind1=" " ind2="7" tag="651"><subfield code="a">Illinois</subfield><subfield code="z">Oak Brook.</subfield><subfield code="2">fast</subfield><subfield code="0">(OCoLC)fst01204865</subfield></datafield><datafield ind1=" " ind2="7" tag="651"><subfield code="a">Illinois</subfield><subfield code="z">Willowbrook (DuPage County)</subfield><subfield code="2">fast</subfield><subfield code="0">(OCoLC)fst01314343</subfield></datafield><datafield ind1=" " ind2=" " tag="752"><subfield code="a">United States</subfield><subfield code="b">Illinois</subfield><subfield code="c">Cook</subfield><subfield code="d">La Grange.</subfield></datafield><datafield ind1="0" ind2="0" tag="780"><subfield code="t">Suburban life (La Grange, Ill. : Clarendon Hills ed.)</subfield><subfield code="w">(DLC)sn 94060595</subfield><subfield code="w">(OCoLC)31299381</subfield></datafield><datafield ind1="0" ind2="0" tag="785"><subfield code="t">Suburban life graphic (Downers Grove, Ill. : Clarendon Hills ed.)</subfield><subfield code="w">(DLC)sn 94054498</subfield><subfield code="w">(OCoLC)30930618</subfield></datafield></record>